<record><leader>00000cas a22000007a 4500</leader><controlfield tag="001">18253425</controlfield><controlfield tag="008">880722d19111955paudn ne      0    0eng d</controlfield><datafield ind1=" " ind2=" " tag="010"><subfield code="a">sn 88079390 </subfield></datafield><datafield ind1=" " ind2=" " tag="040"><subfield code="a">NPH</subfield><subfield code="b">eng</subfield><subfield code="c">NPH</subfield><subfield code="d">OCLCQ</subfield></datafield><datafield ind1=" " ind2=" " tag="042"><subfield code="a">msc</subfield></datafield><datafield ind1="0" ind2=" " tag="130"><subfield code="a">Tribune-Republican (Meadville, Pa.)</subfield></datafield><datafield ind1="1" ind2="4" tag="245"><subfield code="a">The Tribune-Republican.</subfield></datafield><datafield ind1=" " ind2=" " tag="260"><subfield code="a">Meadville, Pa. :</subfield><subfield code="b">Tribune Pub. Co.,</subfield><subfield code="c">1911-1955.</subfield></datafield><datafield ind1=" " ind2=" " tag="300"><subfield code="a">v.</subfield></datafield><datafield ind1=" " ind2=" " tag="310"><subfield code="a">Daily (except Sun.)</subfield></datafield><datafield ind1="0" ind2=" " tag="362"><subfield code="a">June 14, 1911-June 30, 1955.</subfield></datafield><datafield ind1=" " ind2=" " tag="500"><subfield code="a">The words "Meadville morning star, consolidated April 15, 1909, with the Tribune-Republican" appear below masthead title.</subfield></datafield><datafield ind1=" " ind2=" " tag="515"><subfield code="a">Issues for -June 30, 1955 called also -v. 71, no. 269.</subfield></datafield><datafield ind1=" " ind2=" " tag="580"><subfield code="a">Weekly ed.: Crawford journal (Meadville, Pa. : 1909).</subfield></datafield><datafield ind1=" " ind2=" " tag="752"><subfield code="a">United States</subfield><subfield code="b">Pennsylvania</subfield><subfield code="c">Crawford</subfield><subfield code="d">Meadville.</subfield></datafield><datafield ind1="1" ind2=" " tag="775"><subfield code="t">Crawford journal (Meadville, Pa. : 1909)</subfield><subfield code="w">(DLC)sn 88079397</subfield></datafield><datafield ind1="0" ind2=" " tag="775"><subfield code="t">Evening Republican (Meadville, Pa. : 1887)</subfield><subfield code="w">(DLC)sn 88079338</subfield></datafield><datafield ind1="0" ind2="0" tag="780"><subfield code="t">Tribune-Republican and Meadville morning star</subfield><subfield code="w">(DLC)sn 88079389</subfield></datafield><datafield ind1="0" ind2="7" tag="785"><subfield code="t">Evening Republican (Meadville, Pa. : 1887)</subfield><subfield code="w">(DLC)sn 88079338</subfield></datafield><datafield ind1="0" ind2="7" tag="785"><subfield code="t">Meadville tribune</subfield><subfield code="w">(DLC)sn 84007737</subfield></datafield></record>